@book{growth_exp,
  title={The Methods and Materials of Demography},
  author={Shryock, H.S. and Siegel, J.S.},
  isbn={9781483289106},
  series={Studies in Population},
  url={https://books.google.co.cr/books?id=HVW0BQAAQBAJ},
  year={2013},
  publisher={Elsevier Science}
}